@article{Burdick2003,
    title = {A Review of Methods for Measurement Systems Capability Analysis},
    year = {2003},
    journal = {Journal of Quality Technology},
    author = {Burdick, Richard K and Borror, Connie M and Montgomery, Douglas C},
    number = {4},
    pages = {342--354},
    volume = {35}
}

@article{Whitesides2004WhitesidesPaper,
    title = {Whitesides' Group: Writing a paper},
    year = {2004},
    journal = {Advanced Materials},
    author = {Whitesides, George M.},
    number = {15 SPEC. ISS.},
    pages = {1375--1377},
    volume = {16}
}

@article{Dasgupta2012RobustSystems,
    title = {Robust Design of Measurement Systems},
    year = {2012},
    journal = {Technometrics},
    author = {Dasgupta, Tirthankar and Miller, Arden and Wu, C F Jeff},
    number = {1},
    pages = {80--93},
    volume = {51}
}

@article{Page2015SpeedworksSpeedworks,
    title = {speedworks speedworks},
    year = {2015},
    author = {Page, Forum Home and Files, Post Attachment}
}

@article{Page2015LongcrSpeedworks,
    title = {longcr speedworks},
    year = {2015},
    author = {Page, Forum Home and Files, Post Attachment and Discussions, Search Forum},
    number = {February}
}

@article{PageIntroR,
    title = {Intro to Measurement System Analysis ( MSA ) of Continuous Data – Part 5b : R {\&} R},
    author = {Page, Forum Home and Files, Post Attachment}
}

@article{CorporationQuickOverview,
    title = {Quick License Summary Overview},
    author = {Corporation, Reliasoft}
}

@article{Yeh2013UsingAnalysis,
    title = {Using the Monte Carlo Simulation Methods in Gauge Repeatability and Reproducibility of Measurement System Analysis},
    year = {2013},
    journal = {Journal of Applied Research and Technology},
    author = {Yeh, Tsu-ming and Sun, Jia-jeng},
    doi = {http://dx.doi.org/10.1016/S1665-6423(13)71585-2},
    number = {October},
    pages = {780--796},
    volume = {11},
    publisher = {Elsevier}
}

@article{ManagementRobustification,
    title = {Robustification},
    author = {Management, Cjsteele Uncertainty},
    pages = {1--3}
}

@article{Gorman2002MeasurementTesting,
    title = {Measurement System Analysis and Destructive Testing},
    year = {2002},
    journal = {Six Sigma Forum Magazine,(8)},
    author = {Gorman, Douglas and Bower, Keith M},
    pages = {16--19}
}

@misc{2015_02_07Reply.pdf,
    title = {2015{\_}02{\_}07 Elsmar Cove DGRR reply.pdf}
}

@article{PageIntroRb,
    title = {Intro to Measurement System Analysis ( MSA ) of Continuous Data – Part 5a : R {\&} R},
    author = {Page, Forum Home and Files, Post Attachment and Discussions, Search Forum and Selection, Part}
}

@article{Page2015SpeedworksSpeedworksb,
    title = {speedworks speedworks},
    year = {2015},
    author = {Page, Forum Home and Files, Post Attachment},
    number = {February},
    pages = {10--12}
}

@article{Stevenson1996DevelopmentTest,
    title = {Development of the dry sand/rubber wheel abrasion test},
    year = {1996},
    journal = {Wear},
    author = {Stevenson, A.N.J. and Hutchings, I.M.},
    doi = {10.1016/0043-1648(96)06965-7},
    number = {1-2},
    month = {7},
    pages = {232--240},
    volume = {195}
}